@article{petruccione,
  author = {Daniel K. Park and Francesco Petruccione and June-Koo Kevin Rhee},
  year = 2019,
  title = {Circuit-Based Quantum Random Access Memory for Classical Data},
  journal = {Scientific Reports},
  DOI = "10.1038/s41598-019-40439-3",
  number = 3949,
  volume = 9
} 

@article{schuld,
  author = {M. Schuld and M. Fingerhuth and F. Petruccione},
  title = {Implementing a distance-based classifier with a quantum interference circuit},
  journal = {EPL (Europhysics Letters)}, 
  year = 2017,
  DOI = "10.1209/0295-5075/119/60002",
  volume = 119,
  number = 6
}

@misc{ Qiskit,
       author = {H{\'e}ctor Abraham and others},
       title = {Qiskit: An Open-source Framework for Quantum Computing},
       year = {2019},
       doi = {10.5281/zenodo.2562110}
}

@article{fingerhuth,
  author = {Mark Fingerhuth},
  year = 2017,
  title = {Quantum-enhanced machine learning: Implementing a quantum k-nearest neighbour algorithm},
  journal = {Bachelor Thesis, Maastricht University}
}